@inproceedings{kidd1999aware,
  title={The aware home: A living laboratory for ubiquitous computing research},
  author={Kidd, Cory D and Orr, Robert and Abowd, Gregory D and Atkeson, Christopher G and Essa, Irfan A and MacIntyre, Blair and Mynatt, Elizabeth and Starner, Thad E and Newstetter, Wendy},
  booktitle={Cooperative buildings. Integrating information, organizations, and architecture},
  pages={191--198},
  year={1999},
  publisher={Springer}
}

@article{gitlin2003conducting,
  title={Conducting research on home environments: Lessons learned and new directions},
  author={Gitlin, Laura N},
  journal={The Gerontologist},
  volume={43},
  number={5},
  pages={628--637},
  year={2003},
  publisher={Oxford University Press}
}

@article{davis1989perceived,
  title={Perceived usefulness, perceived ease of use, and user acceptance of information technology},
  author={Davis, Fred D},
  journal={MIS quarterly},
  pages={319--340},
  year={1989},
  publisher={JSTOR}
}


@article{davis1989user,
  title={User acceptance of computer technology: a comparison of two theoretical models},
  author={Davis, Fred D and Bagozzi, Richard P and Warshaw, Paul R},
  journal={Management science},
  volume={35},
  number={8},
  pages={982--1003},
  year={1989},
  publisher={INFORMS}
}

@article{searle1995enhancing,
  title={Enhancing a sense of independence and psychological well-being among the elderly: A field experiment.},
  author={Searle, Mark S and Mahon, Michael J and Iso-Ahola, Seppo E and Sdrolias, Heather Adam and others},
  journal={Journal of Leisure Research},
  year={1995},
  publisher={National Recreation \& Park Assn}
}

@phdthesis{smarr2011understanding,
  title={Understanding the potential for robot assistance for older adults in the home environment},
  author={Smarr, Cory-Ann and Fausset, Cara Bailey and Rogers, Wendy A},
  year={2011},
  school={Georgia Institute of Technology}
}

@article{ting2007dimensional,
  title={Dimensional reduction in sensorimotor systems: a framework for understanding muscle coordination of posture},
  author={Ting, Lena H},
  journal={Progress in brain research},
  volume={165},
  pages={299--321},
  year={2007},
  publisher={Elsevier}
}

@article{welch2008feedback,
  title={A feedback model reproduces muscle activity during human postural responses to support-surface translations},
  author={Welch, Torrence DJ and Ting, Lena H},
  journal={Journal of neurophysiology},
  volume={99},
  number={2},
  pages={1032--1038},
  year={2008},
  publisher={Am Physiological Soc}
}

@article{ting1999phase,
  title={Phase reversal of biomechanical functions and muscle activity in backward pedaling},
  author={Ting, Lena H and Kautz, Steven A and Brown, David A and Zajac, Felix E},
  journal={Journal of Neurophysiology},
  volume={81},
  number={2},
  pages={544--551},
  year={1999},
  publisher={Am Physiological Soc}
}

@inproceedings{bingham2014orienting,
  title={Orienting in mid-air through configuration changes to achieve a rolling landing for reducing impact after a fall},
  author={Bingham, Jeffrey T and Lee, Jeongseok and Haksar, Ravi N and Ueda, Jun and Liu, C Karen},
  booktitle={Intelligent Robots and Systems (IROS 2014), 2014 IEEE/RSJ International Conference on},
  pages={3610--3617},
  year={2014},
  organization={IEEE}
}


@article{bhattacharjee2014inferring,
  title={Inferring Object Properties from Incidental Contact with a Tactile Sensing Forearm},
  author={Bhattacharjee, Tapomayukh and Rehg, James M and Kemp, Charles C},
  journal={arXiv preprint},
  year={2014}
}

@inproceedings{Bhattacharjee2015RSS,
  title = {Temperature flow based recognition of materials from short duration contact with varying initial conditions},
  author = {Bhattacharjee, T. and Wade, J. and and Kemp, C.C.},
  booktitle = {Robotics, Science and Systems},
  year = {2015},
  type = {Conference Proceedings}
}  


@article{ting2015neuromechanical,
  title={Neuromechanical Principles Underlying Movement Modularity and Their Implications for Rehabilitation},
  author={Ting, Lena H and Chiel, Hillel J and Trumbower, Randy D and Allen, Jessica L and McKay, J Lucas and Hackney, Madeleine E and Kesar, Trisha M},
  journal={Neuron},
  volume={86},
  number={1},
  pages={38--54},
  year={2015},
  publisher={Elsevier}
}

@article{sawers2015beam,
  title={Beam walking can detect differences in walking balance proficiency across a range of sensorimotor abilities},
  author={Sawers, Andrew and Ting, Lena H},
  journal={Gait \& Posture},
  year={2015},
  publisher={Elsevier}
}


@article{bolger2014individuals,
  title={Individuals with transtibial limb loss use interlimb force asymmetries to maintain multi-directional reactive balance control},
  author={Bolger, Darren and Ting, Lena H and Sawers, Andrew},
  journal={Clinical Biomechanics},
  volume={29},
  number={9},
  pages={1039--1047},
  year={2014},
  publisher={Elsevier}
}


@inproceedings{sawers2014NCM,
   author = {Sawers, A. and Ting, L.},
   title = {Force cues can communicate motor goals and skill level during human-human sensorimotor interactions},
   booktitle = {Neural Control of Movement},
   type = {Conference Proceedings},
   location = {Amsterdam, NL},
   year = {2014}
}


@article{sawers2014perspectives,
  title={Perspectives on human-human sensorimotor interactions for the design of rehabilitation robots},
  author={Sawers, Andrew and Ting, Lena H},
  journal={Journal of neuroengineering and rehabilitation},
  volume={11},
  number={1},
  pages={142},
  year={2014},
  publisher={BioMed Central Ltd}
}

@article{chen2015dance,
  title = { Dance with me: Human-robot partnered stepping based on haptic communication},
  author = {Chen, T.L. and Bhattacharjee, T. and McKay, J.L. and Hackney, M.E. and Borinski J. and Ting, L.H. and Kemp, C.C.},
  year = {2015},
  journal = {PLoS one}
}


@phdthesis{chen2014haptic,
  title={Haptic interaction between naive participants and mobile manipulators in the context of healthcare},
  author={Chen, Tiffany L},
  year={2014},
  school={Georgia Institute of Technology}
}

@article{Welch:2014,
   author = {Welch, Torrence DJ and Ting, Lena H},
   title = {Mechanisms of motor adaptation in reactive balance control},
   journal = {PloS one},
   volume = {9},
   number = {5},
   pages = {e96440},
   year = {2014},
   type = {Journal Article}
}

@article{Winter:1984,
   author = {Winter, David A},
   title = {Kinematic and kinetic patterns in human gait: variability and compensating effects},
   journal = {Human Movement Science},
   volume = {3},
   number = {1},
   pages = {51-76},
   year = {1984},
   type = {Journal Article}
}

@inproceedings{VanHam:2002:VS,
   author = {Van Ham, R and Van Damme, M and Vanderborght, B and Verrelst, B and Lefeber, D},
   title = {Maccepa: The mechanically adjustable compliance and controllable equilibrium position actuator},
   booktitle = {Proceedings of CLAWAR},
   pages = {196-203},
   type = {Conference Proceedings},
   year = {2002}
}

@article{Ting:2012:review,
   author = {Ting, L. H. and Chvatal, S. A. and Safavynia, S. A. and Lucas McKay, J.},
   title = {Review and perspective: neuromechanical considerations for predicting muscle activation patterns for movement},
   journal = {Int j numer method biomed eng},
   volume = {28},
   number = {10},
   pages = {1003-14},
   year = {2012},
   type = {Journal Article}
}

@article{Spanjaard:2008,
   author = {Spanjaard, Marcel and Reeves, Neil D and van Dieen, JH and Baltzopoulos, Vasilios and Maganaris, Constantinos N},
   title = {Lower-limb biomechanics during stair descent: influence of step-height and body mass},
   journal = {Journal of experimental biology},
   volume = {211},
   number = {9},
   pages = {1368-1375},
   year = {2008},
   type = {Journal Article}
}


@inproceedings{Sombric:2014:sfn,
   author = {Sombric, CJ and Harker, HM and Sparto, PJ and Torres-Oviedo, G},
   title = {You only get better with age: Age predisposes one to learn new movements slower but to carryover what is learned more to novel situations},
   booktitle = {Society for Neuroscience},
   type = {Conference Proceedings},
   year = {2014}
}


@article{Nadeau:2003,
   author = {Nadeau, Sylvie and McFadyen, Bradford J and Malouin, Francine},
   title = {Frontal and sagittal plane analyses of the stair climbing task in healthy adults aged over 40 years: what are the challenges compared to level walking?},
   journal = {Clinical Biomechanics},
   volume = {18},
   number = {10},
   pages = {950-959},
   year = {2003},
   type = {Journal Article}
}

@article{Morton:2006,
   author = {Morton, S. M. and Bastian, A. J.},
   title = {Cerebellar contributions to locomotor adaptations during splitbelt treadmill walking},
   journal = {J Neurosci},
   volume = {26},
   number = {36},
   pages = {9107-16},
   year = {2006},
   type = {Journal Article}
}

@article{Morlock:2001,
   author = {Morlock, M and Schneider, E and Bluhm, A and Vollmer, M and Bergmann, G and Muller, V and Honl, M},
   title = {Duration and frequency of every day activities in total hip patients},
   journal = {Journal of Biomechanics},
   volume = {34},
   number = {7},
   pages = {873-881},
   year = {2001},
   type = {Journal Article}
}

@article{McFadyen:1988,
   author = {McFadyen, Bradford J and Winter, David A},
   title = {An integrated biomechanical analysis of normal stair ascent and descent},
   journal = {Journal of biomechanics},
   volume = {21},
   number = {9},
   pages = {733-744},
   year = {1988},
   type = {Journal Article}
}


@article{Matiko:2014:EH,
   author = {Matiko, J. W. and Grabham, N. J. and Beeby, S. P. and Tudor, M. J.},
   title = {Review of the application of energy harvesting in buildings},
   journal = {Measurement Science & Technology},
   volume = {25},
   number = {1},
   pages = {26},
   year = {2014},
   type = {Journal Article}
}

@article{Lloyd:2003:EMGestimate,
   author = {Lloyd, David G. and Besier, Thor F.},
   title = {An EMG-driven musculoskeletal model to estimate muscle forces and knee joint moments in vivo},
   journal = {Journal of Biomechanics},
   volume = {36},
   number = {6},
   pages = {765-776},
   year = {2003},
   type = {Journal Article}
}

@article{Kaufman:2001:OA,
   author = {Kaufman, Kenton R and Hughes, Christine and Morrey, Bernard F and Morrey, Michael and An, Kai-Nan},
   title = {Gait characteristics of patients with knee osteoarthritis},
   journal = {Journal of biomechanics},
   volume = {34},
   number = {7},
   pages = {907-915},
   year = {2001},
   type = {Journal Article}
}

@article{Jeka:1994:touch,
   author = {Jeka, J. J. and Lackner, J. R.},
   title = {Fingertip contact influences human postural control},
   journal = {Exp Brain Res},
   volume = {100},
   number = {3},
   pages = {495-502},
   year = {1994},
   type = {Journal Article}
}

@inproceedings{Hurst:2004:ICRA,
   author = {Hurst, Jonathan W and Chestnutt, Joel E and Rizzi, Alfred A},
   title = {An actuator with physically variable stiffness for highly dynamic legged locomotion},
   booktitle = {Robotics and Automation, 2004. Proceedings. ICRA'04. 2004 IEEE International Conference on},
   publisher = {IEEE},
   volume = {5},
   pages = {4662-4667},
   type = {Conference Proceedings},
   year = {2004}
}

@article{Howell:2013:insole,
   author = {Howell, Adam M and Kobayashi, Toshiki and Hayes, Heather A and Foreman, K Bo and Bamberg, Stacy J Morris},
   title = {Kinetic gait analysis using a low-cost insole},
   journal = {Biomedical Engineering, IEEE Transactions on},
   volume = {60},
   number = {12},
   pages = {3284-3290},
   year = {2013},
   type = {Journal Article}
}

@article{Galloway:2013:VS,
   author = {Galloway, Kevin C and Clark, Jonathan E and Koditschek, Daniel E},
   title = {Variable stiffness legs for robust, efficient, and stable dynamic running},
   journal = {Journal of Mechanisms and Robotics},
   volume = {5},
   number = {1},
   pages = {011009},
   year = {2013},
   type = {Journal Article}
}

@inproceedings{Florez:2010:FSR,
   author = {Florez, JA and Velasquez, A},
   title = {Calibration of force sensing resistors (fsr) for static and dynamic applications},
   booktitle = {ANDESCON, 2010 IEEE},
   pages = {1-6},
   type = {Conference Proceedings},
   year = {2010}
}

@article{Dickstein:2001:touch,
   author = {Dickstein, R. and Shupert, C. L. and Horak, F. B.},
   title = {Fingertip touch improves postural stability in patients with peripheral neuropathy},
   journal = {Gait Posture},
   volume = {14},
   number = {3},
   pages = {238-47},
   year = {2001},
   type = {Journal Article}
}

@article{Devita:2000,
   author = {DeVita, Paul and Hortobagyi, Tibor},
   title = {Age causes a redistribution of joint torques and powers during gait},
   journal = {Journal of applied physiology},
   volume = {88},
   number = {5},
   pages = {1804-1811},
   year = {2000},
   type = {Journal Article}
}

@article{Andriacchi:1980,
   author = {Andriacchi, TP and Andersson, GB and Fermier, RW and Stern, D and Galante, JO},
   title = {A study of lower-limb mechanics during stair-climbing},
   journal = {The Journal of Bone and Joint Surgery},
   number = {62},
   pages = {749-57},
   year = {1980},
   type = {Journal Article}
}

@article{Riener:2002:SAD,
  title={Stair ascent and descent at different inclinations},
  author={Riener, R. and Rabuffetti, M. and Frigo, C.},
  journal={Gait Posture},
  volume = 15,
  number = 1,
  year={2002},
}


@article{Verghese:2008:SRD,
  title={Self-Reported Difficulty in Climbing Up or Down Stairs in Nondisabled Elderly},
  author={Verghese, J. and Wang, C. and Xue, X. and Holtzer, R.},
  journal={Archives of Physical Medicine and Rehabilitation},
  volume = 89,
  number = 1,
  year={2008},
}

@article{Collins:2015:REC,
  title={Reducing the energy cost of human walking using an unpowered exoskeleton},
  author={Steven H. Collins and M. Bruce Wiggin and Gregory S. Sawicki},
  journal={Nature},
  volume = 14288,  
  year={2015},
}

@article{Collins:2010:RER,
  title={Recycling energy to restore impaired ankle function during human walking},
  author={Steven H. Collins and Arthur D. Kuo},
  journal={Public Library of Science ONE},
  volume = 5,
  number = 2,
  year={2010},
}

@inproceedings{jain2010pulling,
  title={Pulling open doors and drawers: Coordinating an omni-directional base and a compliant arm with equilibrium point control},
  author={Advait Jain and Charles C. Kemp},
  booktitle={Robotics and Automation (ICRA), 2010 IEEE International Conference on},
  pages={1807--1814},
  year={2010},
  organization={IEEE}
}

@conference{hrl_click_iros08,
    title     = {A Clickable World: Behavior Selection Through Pointing and Context for Mobile Manipulation},
    author    = {Hai Nguyen and Advait Jain and Cressel Anderson and Charles C. Kemp},
    month     = {September},
    year      = {2008},
    pages     = {787-793},
    booktitle = {Proceedings of the IEEE/RJS International Conference on Intelligent Robots and Systems (IROS)}
}

@Article{dusty2011,
   author = {Chih-Hung King and Tiffany L. Chen and Zhengqin Fan and Jonathan D. Glass and Charles C. Kemp},
   title = {Dusty: An assistive mobile manipulator that retrieves dropped objects for people with motor impairments},
   year = {2011},
   month = {March},
   volume={7},
   number={2},
   pages = {168--179},
   journal = {Disability and Rehabilitation: Assistive Technology}

}

@article{schaal,
  title={An autonomous manipulation system based on force control and optimization},
  author={Righetti, Ludovic and Kalakrishnan, Mrinal and Pastor, Peter and Binney, Jonathan and Kelly, Jonathan and Voorhies, Randolph C and Sukhatme, Gaurav S and Schaal, Stefan},
  journal={Autonomous Robots},
  volume={36},
  number={1-2},
  pages={11--30},
  year={2014},
  publisher={Springer}
}

%url={http://strokengine.ca/},

@misc{device_website_1,
    title={"Stroke Engine, a site for individuals who have experienced stroke, their families and health professionals...", http://strokengine.ca/},
    year={accessed in January, 2014}
}

The Wright Stuff was established in 1999 by health care professionals dedicated to providing health care products that make a difference in the lives of our customers.  With this purpose in mind, we arrived at our theme, “Health care products that make life a little easier”.   We are located in a 27,000 square foot facility in Crystal Springs, Mississippi. 

%url={http://www.thewright-stuff.com/},

@misc{device_website_2,
    title={Established in 1999 and currently with a 27,000 ${ft}^2$ facility, The Wright Stuff specializes in selling assistive devices, http://www.thewright-stuff.com/},
    
    year={accessed in January, 2014}
}




@InProceedings{todorov,
  author = 	 {T. Erez and K. Lowrey and Y. Tassa and V. Kumar and S. Kolev and E. Todorov}, 
  title = 	 {An integrated system for real-time model-predictive control of humanoid robots},
  OPTcrossref =  {},
  OPTkey = 	 {},
  booktitle = {IEEE/RAS International Conference on Humanoid Robots (Humanoids)},
  OPTpages = 	 {},
  year = 	 {2013},
  OPTeditor = 	 {},
  OPTvolume = 	 {},
  OPTnumber = 	 {},
  OPTseries = 	 {},
  OPTaddress = 	 {},
  OPTmonth = 	 {},
  OPTorganization = {},
  OPTpublisher = {},
  OPTnote = 	 {},
  OPTannote = 	 {}
}

@article{alami,
  title={A human aware mobile robot motion planner},
  author={Sisbot, Emrah Akin and Marin-Urias, Luis Felipe and Alami, Rachid and Simeon, Thierry},
  journal={Robotics, IEEE Transactions on},
  volume={23},
  number={5},
  pages={874--883},
  year={2007},
  publisher={IEEE}
}
@article{khatib,
    author = {Sentis, Lui and Park, Jaeheung and Khatib, Oussama},
    journal = {IEEE Transactions on Robotics},
    number = {3},
    title = {{Compliant Control of Multicontact and Center-of-Mass Behaviors in Humanoid Robots}},
    volume = {26},
    year = {2010}
}



@conference{biorob08,
    title     = {Bio-inspired Assistive Robotics: Service Dogs as a Model for Human-Robot Interaction and Mobile Manipulation},
    author    = {Hai Nguyen and Charles C. Kemp},
    month     = {October},
    year      = {2008},
    pages     = {542-549},
    booktitle = {Proceedings of the IEEE RAS/EMBS International Conference on Biomedical Robotics and Biomechatronics (BioRob 2008)},
}

@article{mattingley2012cvxgen,
  title={CVXGEN: a code generator for embedded convex optimization},
  author={Mattingley, Jacob and Boyd, Stephen},
  journal={Optimization and Engineering},
  pages={1--27},
  year={2012},
  publisher={Springer}
}

@conference{hrl_hri2008,
    author    = {Charles C. Kemp and Cressel Anderson and Hai Nguyen and Alexander J. Trevor and Zhe Xu},
    month     = {March},
    year      = {2008},
    pages     = {241-248},
    title     = {A Point-and-Click Interface for the Real World: Laser Designation of Objects for Mobile Manipulation},
    booktitle = {Proceedings of the 3rd ACM/IEEE International Conference on Human-Robot Interaction (HRI)}
 }

@article{di2010model,
  title={Model predictive control tuning by controller matching},
  author={Di Cairano, Stefano and Bemporad, Alberto},
  journal={Automatic Control, IEEE Transactions on},
  volume={55},
  number={1},
  pages={185--190},
  year={2010},
  publisher={IEEE}
}

@InProceedings{abbeel_towel_folding_2010,
  author = 	 {Jeremy Maitin-Shepard and Marco Cusumano-Towner and Jinna Lei and Pieter Abbeel},
  title = 	 {Cloth Grasp Point Detection based on Multiple-View Geometric Cues with Application to Robotic Towel Folding},
  OPTcrossref =  {},
  OPTkey = 	 {},
  booktitle = {In the proceedings of the International Conference on Robotics and Automation (ICRA)},
  OPTpages = 	 {},
  year = 	 {2010},
  OPTeditor = 	 {},
  OPTvolume = 	 {},
  OPTnumber = 	 {},
  OPTseries = 	 {},
  OPTaddress = 	 {},
  OPTmonth = 	 {},
  OPTorganization = {},
  OPTpublisher = {},
  OPTnote = 	 {},
  OPTannote = 	 {}
}

@book{murray1994mathematical,
    title={A mathematical introduction to robotic manipulation},
    author={Murray, R.M. and Li, Z. and Sastry, S.S.},
    year={1994},
    publisher={CRC}
}

@PhdThesis{hai_thesis,
  author = 	 {Hai Nguyen},
  title = 	 {Constructing Mobile Manipulation Behaviors Using Expert Interfaces and Autonomous Robot Learning},
  school = 	 {School of Interactive Computing, College of Computing, Georgia Institute of Technology},
  year = 	 {2013},
  OPTkey = 	 {},
  OPTtype = 	 {},
  OPTaddress = 	 {},
  OPTmonth = 	 {},
  OPTnote = 	 {},
  OPTannote = 	 {}
}

@Article{auro2010, 
   title = {EL-E: An Assistive Mobile Manipulator that Autonomously Fetches Objects from Flat Surfaces},
   author = {Advait Jain and Charles C. Kemp},
   year = {2010},
   month = {January},
   volume={28},
   number={1},
   pages = {45-64},
   journal = {Autonomous Robots}
}

@Article{hrl_rss2008_workshop,
    title     = {Behaviors for Robust Door Opening and Doorway Traversal with a Force-Sensing Mobile Manipulator},
    author    = {Advait Jain and Charles C. Kemp},
    month     = {June},
    year      = {2008},
    journal   = {RSS Manipulation Workshop: Intelligence in Human Environments}
}

@conference{iros2012_skin,
    title={Haptic Classification and Recognition of Objects Using a Tactile Sensing Forearm},
    author={Tapomayukh Bhattacharjee and James M. Rehg and Charles C. Kemp},
    booktitle = {International Conference on Intelligent Robots and Systems (IROS)},
    year={2012}
}

@inproceedings{humanoids_2013_recog,
  title={Rapid Categorization of Object Properties from Incidental Contact with a Tactile Sensing Robot Arm}, 
  author={Tapomayukh Bhattacharjee and Ariel Kapusta and James M. Rehg and Charles C. Kemp},
  booktitle={IEEE-RAS International Conference on Humanoid Robots (Humanoids)},
  OPTpages={},
  year={2013},
  OPTorganization={IEEE}
}


@Article{ijrr2013,
author = {Advait Jain and Marc D. Killpack and Aaron Edsinger and Charles C. Kemp}, 
title = {Reaching in Clutter with Whole-Arm Tactile Sensing},
volume = {32}, 
number = {4}, 
pages = {458-482}, 
year = {2013}, 
doi = {10.1177/0278364912471865}, 
OPTurl = {http://ijr.sagepub.com/content/32/4/458},
journal = {The International Journal of Robotics Research},
}

@inproceedings{humanoids_2013_reach,
  title={Fast Reaching in Clutter While Regulating Forces Using Model Predictive Control}, 
  author={Marc D. Killpack and Charles C. Kemp},
  booktitle={IEEE-RAS International Conference on Humanoid Robots (Humanoids)},
  OPTpages={},
  year={2013},
  OPTorganization={IEEE}
}

@conference{roman2012_forces,
    title={Informing Assistive Robots with Models of Contact Forces from Able-bodied Face Wiping and Shaving},
    author={Kelsey Hawkins and Chih-Hung King and Tiffany Chen and Charles C. Kemp},
    booktitle = {21st IEEE International Symposium on Robot and Human Interactive Communication (RO-MAN)},
    year={2012}
}


@Article{everyday_forces2013,
   author = {Advait Jain and Charles C. Kemp},
   title = {Improving Robot Manipulation with Data-Driven Object-Centric Models of Everyday Forces},
   journal   = {Autonomous Robots},
   year      = {2013},
   volume = {35},
   pages = {143-159},
   publisher = {Springer},
}

@article{soro2013_touch,
year={2013},
OPTissn={1875-4791},
journal={International Journal of Social Robotics},
doi={10.1007/s12369-013-0215-x},
title={An Investigation of Responses to Robot-Initiated Touch in a Nursing Context},
OPTurl={http://dx.doi.org/10.1007/s12369-013-0215-x},
publisher={Springer Netherlands},
keywords={Healthcare; Assistive; Nursing; Touch; Haptics; Intention; Design; User study},
author={Tiffany L. Chen and Chih-Hung Aaron King and Andrea L. Thomaz and Charles C. Kemp},
pages={1-21},
language={English}
}


@article{auro2013_succeed,
year={2013},
OPTissn={0929-5593},
journal={Autonomous Robots},
doi={10.1007/s10514-013-9363-y},
title={Autonomously learning to visually detect where manipulation will succeed},
OPTurl={http://dx.doi.org/10.1007/s10514-013-9363-y},
publisher={Springer US},
keywords={Robot learning; Mobile manipulation; Home robots; Behavior-based systems; Active learning},
author={Hai Nguyen and Charles C. Kemp},
pages={1-16},
language={English}
}


@Article{ram_2013,
    author = {Tiffany L. Chen and Matei Ciocarlie and Steve Cousins and Phillip Grice and Kelsey Hawkins and Kaijen Hsiao and Charles C. Kemp and Chih-Hung King and Daniel A. Lazewatsky and Adam Leeper and Hai Nguyen and Andreas Paepcke and Caroline Pantofaru and William D. Smart and Leila Takayama},
    title = {Robots for Humanity: Using Assistive Robotics to Empower People with Disabilities},
    journal ={IEEE Robotics \& Automation Magazine},
    volume = {20},
    OPTissn = {1},
    year = {2013},
    pages = {30-39},
    doi = {http://doi.ieeecomputersociety.org/10.1109/MPRV.2012.2229950},
}


@InProceedings{rosco_icra2013,
    author    = {Hai Nguyen and Matei Ciocarlie and Kaijen Hsiao and Charles C. Kemp},
    year      = {2013},
    title     = {ROS Commander (ROSCo): Behavior Creation for Home Robots},
    booktitle = {IEEE International Conference on Robotics and Automation (ICRA)},
}


@InProceedings{icorr2013,
    title={Whole-arm Tactile Sensing for Beneficial and Acceptable Contact During Robotic Assistance},
    author={Phillip M. Grice and Marc D. Killpack and Advait Jain and Sarvagya Vaish and Jeffrey Hawke and Charles C. Kemp},
    year={2013},
    booktitle = {13th International Conference on Rehabilitation Robotics (ICORR)},}


@Article{adls_1990,
  author = 	 {Joshua M. Wiener and Raymond J. Hanley and Robert Clark and Joan F. Van Nostrand},
  title = 	 {Measuring the Activities of Daily Living: Comparisons Across National Surveys},
  journal = 	 {Journal of Gerontology: SOCIAL SCIENCES},
  year = 	 {1990},
  OPTkey = 	 {},
  volume = 	 {45},
  number = 	 {6},
  pages = 	 {S229-237},
  OPTmonth = 	 {},
  OPTnote = 	 {},
  OPTannote = 	 {}
}

@Book{iom_2008,
  author = 	 {{Institute of Medicine}},
  title = 	 {Retooling for an Aging America: Building the Health Care Workforce},
  publisher = 	 {The National Academies Press},
  year = 	 {2008}
}


@ARTICLE{Goodin2003,
  author = {Goodin, Heather Janiszewski},
  title = {The nursing shortage in the {United States of America}: an integrative
	review of the literature},
  journal = {J Adv Nurs},
  year = {2003}
}

@article{soro2013_older,
year={2013},
OPTissn={1875-4791},
journal={International Journal of Social Robotics},
doi={10.1007/s12369-013-0218-7},
title={Identifying the Potential for Robotics to Assist Older Adults in Different Living Environments},
OPTurl={http://dx.doi.org/10.1007/s12369-013-0218-7},
publisher={Springer Netherlands},
keywords={Aging; Assistive technology; Robotics; Aging in place; Long-term care; Assisted living; Nursing homes; Design},
author={Tracy L. Mitzner and Tiffany L. Chen and Charles C. Kemp and Wendy A. Rogers},
pages={1-15},
language={English}
}


@article{vest2011disability,
  title={Disability in activities of daily living, depression, and quality
of life among older medical {ICU} survivors: a prospective cohort study},
  author={Vest, M and Murphy, T and Araujo, K and Pisani, M and others},
  year={2011}
}

@article{andersen2004ability,
  title={Ability to perform activities of daily living is the main factor affecting quality of life in patients with dementia},
  author={Andersen, Christian K and Wittrup-Jensen, Kim U and Lolk, Anette and Andersen, Kjeld and Kragh-S{\o}rensen, Per},
  journal={Health and quality of life outcomes},
  volume={2},
  number={1},
  pages={52},
  year={2004},
  publisher={BioMed Central Ltd}
}


@inproceedings{handy1,
    title={The development of Handy 1. a robotic system to assist the severely disabled.},
     author={M. Topping},
     booktitle={Int. Conf. Rehab. Robo.},
	 pages = {244-249},
	 year = {1999},
}


@article{topping1998dhr,
  title={{The development of Handy 1, a rehabilitation robotic system to assist the severely disabled}},
  author={Topping, M. and Smith, J.},
  journal={Industrial Robot},
  volume={25},
  number={5},
  pages={316--20},
  year={1998}
}


@article{kim2013near,
  title={Near-exhaustive Precomputation of Secondary Cloth Effects},
  author={Kim, Doyub and Koh, Woojong and Narain, Rahul and Fatahalian, Kayvon and Treuille, Adrien and O’Brien, James F},
  journal={ACM Trans. Graph.(Proc. of SIGGRAPH 2013)},
  volume={32},
  number={4},
  pages={2},
  year={2013}
}

@inproceedings{tan2011articulated,
  title={Articulated swimming creatures},
  author={Tan, Jie and Gu, Yuting and Turk, Greg and Liu, C Karen},
  booktitle={ACM Transactions on Graphics (TOG)},
  volume={30},
  number={4},
  pages={58},
  year={2011},
  organization={ACM}
}

@article{tan2012soft,
  title={Soft body locomotion},
  author={Tan, J. and Turk, G. and Liu, C.K.},
  journal={ACM Transactions on Graphics (TOG)},
  volume={31},
  number={4},
  pages={26},
  year={2012},
  publisher={ACM}
}

@article{tan2011stable,
  title={Stable proportional-derivative controllers},
  author={Tan, Jie and Liu, Karen and Turk, Greg},
  journal={Computer Graphics and Applications, IEEE},
  volume={31},
  number={4},
  pages={34--44},
  year={2011},
  publisher={IEEE}
}

@article{zhuo2012curvature,
  title={Curvature-based offset distance: Implementations and applications},
  author={Zhuo, Wei and Rossignac, Jarek},
  journal={Computers \& Graphics},
  volume={36},
  number={5},
  pages={445--454},
  year={2012},
  publisher={Elsevier}
}

@inproceedings{wojtan2009,
 author = {Wojtan, Chris and Th\"{u}rey, Nils and Gross, Markus and Turk, Greg},
 title = {Deforming meshes that split and merge},
 booktitle = {SIGGRAPH '09: ACM SIGGRAPH 2009 papers},
 year = {2009},
 isbn = {978-1-60558-726-4},
 pages = {1--10},
 location = {New Orleans, Louisiana},
 doi = {http://doi.acm.org/10.1145/1576246.1531382},
 address = {New York, NY, USA},
}

@article{oh2008physically,
  title={A physically faithful multigrid method for fast cloth simulation},
  author={Oh, SeungWoo and Noh, Junyong and Wohn, Kwangyun},
  journal={Computer Animation and Virtual Worlds},
  volume={19},
  number={3-4},
  pages={479--492},
  year={2008},
  publisher={Wiley Online Library}
}

@inproceedings{govindaraju2005interactive,
  title={Interactive collision detection between deformable models using chromatic decomposition},
  author={Govindaraju, Naga K and Knott, David and Jain, Nitin and Kabul, Ilknur and Tamstorf, Rasmus and Gayle, Russell and Lin, Ming C and Manocha, Dinesh},
  booktitle={ACM Transactions on Graphics (TOG)},
  volume={24},
  number={3},
  pages={991--999},
  year={2005},
  organization={ACM}
}

@inproceedings{zeller2005cloth,
  title={Cloth simulation on the {GPU}},
  author={Zeller, Cyril},
  booktitle={ACM SIGGRAPH 2005 Sketches},
  pages={39},
  year={2005},
  organization={ACM}
}

@inproceedings{liu_cloth_2013,
  title={Fast simulation of mass-spring systems},
  author={Liu, Tiantian and Bargteil, Adam W and O'Brien, James F and Kavan, Ladislav},
  booktitle={Siggraph Asia},
  volume={32},
  year={2013},
  organization={ACM}
}

@inproceedings{bridson2002robust,
  title={Robust treatment of collisions, contact and friction for cloth animation},
  author={Bridson, Robert and Fedkiw, Ronald and Anderson, John},
  booktitle={ACM Transactions on Graphics (ToG)},
  volume={21},
  number={3},
  pages={594--603},
  year={2002},
  organization={ACM}
}

@inproceedings{baraff2003untangling,
  title={Untangling cloth},
  author={Baraff, David and Witkin, Andrew and Kass, Michael},
  booktitle={ACM Transactions on Graphics (TOG)},
  volume={22},
  number={3},
  pages={862--870},
  year={2003},
  organization={ACM}
}

@inproceedings{cusumano2011bringing,
  title={Bringing clothing into desired configurations with limited perception},
  author={Cusumano-Towner, Marco and Singh, Arjun and Miller, Stephen and O'Brien, James F and Abbeel, Pieter},
  booktitle={Robotics and Automation (ICRA), 2011 IEEE International Conference on},
  pages={3893--3900},
  year={2011},
  organization={IEEE}
}

@article{narain2012adaptive,
  title={Adaptive anisotropic remeshing for cloth simulation},
  author={Narain, Rahul and Samii, Armin and O'Brien, James F},
  journal={ACM Transactions on Graphics (TOG)},
  volume={31},
  number={6},
  pages={152},
  year={2012},
  publisher={ACM}
}

@article{wang2011data,
  title={Data-driven elastic models for cloth: modeling and measurement},
  author={Wang, Huamin and O'Brien, James F and Ramamoorthi, Ravi},
  journal={ACM Transactions on Graphics (TOG)},
  volume={30},
  number={4},
  pages={71},
  year={2011},
  publisher={ACM}
}

@inproceedings{baraff1998large,
  title={Large steps in cloth simulation},
  author={Baraff, David and Witkin, Andrew},
  booktitle={Proceedings of the 25th annual conference on Computer graphics and interactive techniques},
  pages={43--54},
  year={1998},
  organization={ACM}
}

@inproceedings{choi2005stable,
  title={Stable but responsive cloth},
  author={Choi, Kwang-Jin and Ko, Hyeong-Seok},
  booktitle={ACM SIGGRAPH 2005 Courses},
  pages={1},
  year={2005},
  organization={ACM}
}

@article{goldenthal2007efficient,
  title={Efficient simulation of inextensible cloth},
  author={Goldenthal, Rony and Harmon, David and Fattal, Raanan and Bercovier, Michel and Grinspun, Eitan},
  journal={ACM Transactions on Graphics (TOG)},
  volume={26},
  number={3},
  pages={49},
  year={2007},
  publisher={ACM}
}

@InProceedings{Hansen:2004:CMA,
  author =	"Nikolaus Hansen and Stefan Kern",
  title =	"Evaluating the {CMA} Evolution Strategy on Multimodal
		 Test Functions",
  booktitle =	"Parallel Problem Solving from Nature - PPSN VIII",
  year = 	"2004",
  volume =	"3242",
  pages =	"282--291",
  series =	"LNCS",
}
@Article{Sok:2007:SBB,
  title =	"Simulating biped behaviors from human motion data",
  author =	"Kwang Won Sok and Manmyung Kim and Jehee Lee",
  journal =	"ACM Trans. Graph",
  year = 	"2007",
  number =	"3",
  volume =	"26",
  bibdate =	"2007-08-24",
  bibsource =	"DBLP,
		 http://dblp.uni-trier.de/db/journals/tog/tog26.html#SokKL07",
  URL =  	"http://doi.acm.org/10.1145/1276377.1276511",
}

@Article{Wang:2010:OWC,
  title =	"Optimizing walking controllers for uncertain inputs
		 and environments",
  author =	"Jack M. Wang and David J. Fleet and Aaron Hertzmann",
  journal =	"ACM Trans. Graph",
  year = 	"2010",
  number =	"4",
  volume =	"29",
  bibdate =	"2010-07-12",
  bibsource =	"DBLP,
		 http://dblp.uni-trier.de/db/journals/tog/tog29.html#WangFH10",
  URL =  	"http://doi.acm.org/10.1145/1833351.1778810",
}

@Article{Wang:2009:OWC,
  title =	"Optimizing walking controllers",
  author =	"Jack M. Wang and David J. Fleet and Aaron Hertzmann",
  journal =	"ACM Trans. Graph",
  year = 	"2009",
  number =	"5",
  volume =	"28",
  bibdate =	"2009-12-08",
}

@Article{Wang:2012:OLC,
  title =	"Optimizing locomotion controllers using
		 biologically-based actuators and objectives",
  author =	"Jack M. Wang and Samuel R. Hamner and Scott L. Delp
		 and Vladlen Koltun",
  journal =	"ACM Trans. Graph",
  year = 	"2012",
  number =	"4",
  volume =	"31",
  bibdate =	"2012-08-21",
  pages =	"25",
}

@Article{Yin:2008:CMA,
  title =	"Continuation methods for adapting simulated skills",
  author =	"KangKang Yin and Stelian Coros and Philippe Beaudoin
		 and Michiel van de Panne",
  journal =	"ACM Trans. Graph",
  year = 	"2008",
  number =	"3",
  volume =	"27",
  bibdate =	"2008-08-05",
  bibsource =	"DBLP,
		 http://dblp.uni-trier.de/db/journals/tog/tog27.html#YinCBP08",
  URL =  	"http://doi.acm.org/10.1145/1360612.1360680",
}

@article{Wu:2010:TBL,
	Articleno = {72},
	Author = {Wu, Jia-chi and Popovi\'{c}, Zoran},
	Journal = {ACM Trans. Graph.},
	Month = {July},
	Numpages = {10},
	Pages = {72:1--72:10},
	Publisher = {ACM},
	Title = {Terrain-adaptive bipedal locomotion control},
	Volume = {29},
	Year = {2010}
}

@Article{Liu:2012:TRC,
  title =	"Terrain runner: control, parameterization,
		 composition, and planning for highly dynamic motions",
  author =	"Libin Liu and KangKang Yin and Michiel van de Panne
		 and Baining Guo",
  journal =	"ACM Trans. Graph",
  year = 	"2012",
  number =	"6",
  volume =	"31",
  bibdate =	"2012-12-05",
  bibsource =	"DBLP,
		 http://dblp.uni-trier.de/db/journals/tog/tog31.html#LiuYPG12",
  pages =	"154",
  URL =  	"http://doi.acm.org/10.1145/2366145.2366173",
}

@article{Liu:2002:SCD,
	Author = {C. Karen Liu and Zoran Popovi\'{c}},
	Journal = {ACM Trans. on Graphics (SIGGRAPH)},
	Month = jul,
	Number = {3},
	Pages = {408--416},
	Title = {Synthesis of Complex Dynamic Character Motion from Simple Animations},
	Volume = {21},
	Year = 2002
}

@inproceedings{Witkin:1988:SC,
	Author = {Andrew Witkin and Michael Kass},
	Booktitle = {SIGGRAPH},
	Month = aug,
	Pages = {159--168},
	Title = {Spacetime Constraints},
	Volume = {22},
	Year = 1988
}

@inproceedings{Popovic:1999:PBM,
	Author = {Zoran Popovi\'{c} and Andrew Witkin},
	Booktitle = {SIGGRAPH},
	Month = aug,
	Pages = {11--20},
	Title = {Physically Based Motion Transformation},
	Year = 1999
}

@article{Safonova:2004:SPR,
	Author = {Alla Safonova and Jessica K. Hodgins and Nancy S. Pollard},
	Journal = {ACM Trans. on Graphics (SIGGRAPH)},
	Number = {3},
	Pages = {514--521},
	Title = {Synthesizing Physically Realistic Human Motion in Low-dimensinal, Behavior-specific Spaces},
	Volume = {23},
	Year = 2004
}

@article{Ha:2014:ITO,
	Author = {Sehoon Ha and C. Karen Liu},
	Journal = {ACM Transactions on Graphics (Provisionally accepted)},
	Title = {Iterative Training Of Dynamic Skills Inspired By Human Coaching Techniques},
	Volume = {33},
	Year = {2014}
}

@techreport{Liu:2012:STM,
     title = {A Short Tutorial on Multibody Dynamics},
     author = {C. Karen Liu and Sumit Jain},
     year = {2012},
     institution = {Georgia Institute of Technology, School of Interactive Computing},
     month = {08},
     number = {GIT-GVU-15-01-1}
}

@manual{gazebo,
	Title = {Gazebo, http://gazebosim.org},
        author = {Gazebo},
        Year = {2013},
	journal = {http://gazebosim.org}
}

@article{Jain:2009:OBI,
author = "Sumit Jain and Yuting Ye and C. Karen Liu",  
title = "Optimization-Based Interactive Motion Synthesis",  
year = 2009,
journal = "ACM Transactions on Graphics (presented at SIGGRAPH)",
volume = "28",
number = "1",  
pages = "501--508",  
}

@article{Ye:2008:ARC,
 author = "Yuting Ye and C. Karen Liu",
 title =  "Animating Responsive Character with Dynamic Constraints in Near-Unactuated Coordinates",
 journal = "ACM Transactions on Graphics (presented at SIGGRAPH Asia)",
 year = 2008,
 volume = "27",
 number = "5",
 pages = "112-118"
}

@article{Ishigaki:2009:PBC,
 author = "Satoru Ishigaki and Timothy M. White and Victor B. Zordan and C. Karen Liu",
 title =  "Performance-Based Control Interface for Character Animation",
 journal = "ACM Transactions on Graphics (presented at SIGGRAPH)",
 year = 2009,
 volume = "28",
 number = "3",
}

@article{Ye:2010:OFC,
 author = "Yuting Ye and C. Karen Liu",
 title =  "Optimal Feedback Control for Character Animation Using an Abstract Model",
 journal = "ACM Transactions on Graphics (presented at SIGGRAPH)",
 year = 2010,
 volume = "29",
 number = "3",
}

@article{Hamalainen:2015:OCS,
 author = "Perttu Hamalainen and Joose Rajamäki and C. Karen Liu",
 title =  "Online Control of Simulated Humanoids Using Particle Belief Propagation",
 journal = "ACM Transactions on Graphics (presented at SIGGRAPH)",
 year = 2015,
 volume = "34",
 number = "4",
}

@article{Jain:2011:MSC,
 author = "Sumit Jain and C. Karen Liu",
 title =  "Modal-Space Control for Articulated Characters",
 journal = "ACM Transactions on Graphics (to present at SIGGRAPH Asia)",
 year = 2011,
 volume = 30,
}

@article{Jain:2011:CPB,
 author = "Sumit Jain and C. Karen Liu",
 title =  "Controlling Physics-Based Characters Using Soft Contacts",
 journal = "ACM Transactions on Graphics",
 year = 2011,
 volume = "30",
 number = "3",
}

@article{Ye:2012:SDH,
author = "Yuting Ye and C. Karen Liu",  
title = "Synthesis of Detailed Hand Manipulations Using Contact Sampling",  
year = 2012,
journal = "ACM Transactions on Graphics (presented at SIGGRAPH)",
volume = "31",
}

@Article{journals/ram/FahantidisPPDPH97,
  title =	"Robot handling of flat textile materials",
  author =	"Nikolaos Fahantidis and K. Paraschidis and Vassilios
		 Petridis and Zoe Doulgeri and Loukas Petrou and
		 Georgios Hasapis",
  journal =	"IEEE Robot. Automat. Mag",
  year = 	"1997",
  number =	"1",
  volume =	"4",
  bibdate =	"2013-10-16",
  bibsource =	"DBLP,
		 http://dblp.uni-trier.de/db/journals/ram/ram4.html#FahantidisPPDPH97",
  pages =	"34--41",
  URL =  	"http://dx.doi.org/10.1109/100.580981",
}

@Article{journals/jaciii/OsawaSK07,
  title =	"Unfolding of Massive Laundry and Classification Types
		 by Dual Manipulator",
  author =	"Fumiaki Osawa and Hiroaki Seki and Yoshitsugu Kamiya",
  journal =	"JACIII",
  year = 	"2007",
  number =	"5",
  volume =	"11",
  bibdate =	"2008-11-14",
  bibsource =	"DBLP,
		 http://dblp.uni-trier.de/db/journals/jaciii/jaciii11.html#OsawaSK07",
  pages =	"457--463",
  URL =  	"http://www.fujipress.jp/finder/xslt.php?mode=present&amp;inputfile=JACII001100050003.xml",
}

@InProceedings{conf/icra/Maitin-ShepardCLA10,
  title =	"Cloth grasp point detection based on multiple-view
		 geometric cues with application to robotic towel
		 folding",
  author =	"Jeremy Maitin-Shepard and Marco Cusumano-Towner and
		 Jinna Lei and Pieter Abbeel",
  publisher =	"IEEE",
  year = 	"2010",
  bibdate =	"2010-08-26",
  bibsource =	"DBLP,
		 http://dblp.uni-trier.de/db/conf/icra/icra2010.html#Maitin-ShepardCLA10",
  booktitle =	"ICRA",
  crossref =	"conf/icra/2010",
  pages =	"2308--2315",
  URL =  	"http://dx.doi.org/10.1109/ROBOT.2010.5509439",
}

@Article{journals/ijrr/MillerBFDGA12,
  title =	"A geometric approach to robotic laundry folding",
  author =	"Stephen Miller and Jur van den Berg and Mario Fritz
		 and Trevor Darrell and Kenneth Y. Goldberg and Pieter
		 Abbeel",
  journal =	"I. J. Robotic Res",
  year = 	"2012",
  number =	"2",
  volume =	"31",
  bibdate =	"2012-03-08",
  bibsource =	"DBLP,
		 http://dblp.uni-trier.de/db/journals/ijrr/ijrr31.html#MillerBFDGA12",
  pages =	"249--267",
  URL =  	"http://dx.doi.org/10.1177/0278364911430417",
}

@InProceedings{conf/iros/BerschPK11,
  title =	"Bimanual robotic cloth manipulation for laundry
		 folding",
  author =	"Christian Bersch and Benjamin Pitzer and S{\"o}ren
		 Kammel",
  publisher =	"IEEE",
  year = 	"2011",
  bibdate =	"2011-12-15",
  bibsource =	"DBLP,
		 http://dblp.uni-trier.de/db/conf/iros/iros2011.html#BerschPK11",
  booktitle =	"IROS",
  crossref =	"conf/iros/2011",
  ISBN = 	"978-1-61284-454-1",
  pages =	"1413--1419",
  URL =  	"http://ieeexplore.ieee.org/xpl/mostRecentIssue.jsp?punumber=6034548",
}

@InProceedings{conf/iros/Berenson13,
  title =	"Manipulation of deformable objects without modeling
		 and simulating deformation",
  author =	"Dmitry Berenson",
  publisher =	"IEEE",
  year = 	"2013",
  bibdate =	"2014-01-10",
  bibsource =	"DBLP,
		 http://dblp.uni-trier.de/db/conf/iros/iros2013.html#Berenson13",
  booktitle =	"IROS",
  crossref =	"conf/iros/2013",
  pages =	"4525--4532",
  URL =  	"http://ieeexplore.ieee.org/xpl/mostRecentIssue.jsp?punumber=6679723",
}

@article{sanford1993reliability,
  title={Reliability of the Fugl-Meyer assessment for testing motor performance in patients following stroke},
  author={Sanford, Julie and Moreland, Julie and Swanson, Laurie R and Stratford, Paul W and Gowland, Carolyn},
  journal={Physical therapy},
  volume={73},
  number={7},
  pages={447--454},
  year={1993},
  publisher={American Physical Therapy Association}
}
@article{wolf2001assessing,
  title={Assessing Wolf motor function test as outcome measure for research in patients after stroke},
  author={Wolf, Steven L and Catlin, Pamela A and Ellis, Michael and Archer, Audrey Link and Morgan, Bryn and Piacentino, Aimee},
  journal={Stroke},
  volume={32},
  number={7},
  pages={1635--1639},
  year={2001},
  publisher={Am Heart Assoc}
}
@article{kirshblum2011international,
  title={International standards for neurological classification of spinal cord injury (Revised 2011)},
  author={Kirshblum, Steven C and Burns, Stephen P and Biering-Sorensen, Fin and Donovan, William and Graves, Daniel E and Jha, Amitabh and Johansen, Mark and Jones, Linda and Krassioukov, Andrei and Mulcahey, MJ and others},
  journal={The journal of spinal cord medicine},
  volume={34},
  number={6},
  pages={535},
  year={2011},
  publisher={Maney Publishing}
}

@Article{Tan:2014:LBS,
  Title                    = {Learning Bicycle Stunts},
  Author                   = {Tan, Jie and Gu, Yuting and Liu, C. Karen and Turk, Greg},
  Journal                  = {ACM Trans. Graph.},
  Year                     = {2014},
  Number                   = {4},
  Pages                    = {50:1--50:12},
  Volume                   = {33},

  Acmid                    = {2601121},
  Address                  = {New York, NY, USA},
  Articleno                = {50},
  Doi                      = {10.1145/2601097.2601121},
  ISSN                     = {0730-0301},
  Issue_date               = {July 2014},
  Keywords                 = {balance control, bicycle simulation, neural networks, reinforcement learning},
  Numpages                 = {12},
  Publisher                = {ACM},
  Url                      = {http://doi.acm.org/10.1145/2601097.2601121}
}

@article{Stanley:2002:ENN,
 author = {Stanley, Kenneth O. and Miikkulainen, Risto},
 title = {Evolving Neural Networks Through Augmenting Topologies},
 journal = {Evol. Comput.},
 issue_date = {Summer 2002},
 volume = {10},
 number = {2},
 month = jun,
 year = {2002},
 issn = {1063-6560},
 pages = {99--127},
 numpages = {29},
 url = {http://dx.doi.org/10.1162/106365602320169811},
 doi = {10.1162/106365602320169811},
 acmid = {638554},
 publisher = {MIT Press},
 address = {Cambridge, MA, USA},
 keywords = {competing conventions, genetic algorithms, network topologies, neural networks, neuroevolution, speciation},
}

@Manual{Hansen:2009,
  title =        "The CMA Evolution Strategy: A Tutorial",
  author =    "Hansen, Nikolaus",
  year =      "2009",
  url = "http://www.lri.fr/~hansen/cmatutorial.pdf",
  bib2html_rescat = "Learning Methods",
}

@Article{Liu:2005:NIO,
  Title                    = {Learning Physics-based Motion Style with Nonlinear Inverse Optimization},
  Author                   = {Liu, C. Karen and Hertzmann, Aaron and Popovic, Zoran},
  Journal                = {ACM Transactions on Graphics},
  Year                     = {2005},
  Volume = {23},
  Pages                    = {1071--1081},
  Publisher                = {{ACM}},
  Series                   = {{SIGGRAPH} '05},
  Number = {3}
}

@article{Tan:2011:ASC,
 author = "Jie Tan and Yuting Gu and Greg Turk and C. Karen Liu",
 title =  "Articulated Swimming Creatures",
 journal = "ACM Transactions on Graphics",
 year = 2011,
 volume = "30",
 number = "4",
}


@article{Wampler:2009:OGF,
 author = {Wampler, Kevin and Popovi\'{c}, Zoran},
 title = {Optimal Gait and Form for Animal Locomotion},
 journal = {ACM Trans. Graph.},
 issue_date = {August 2009},
 volume = {28},
 number = {3},
 month = jul,
 year = {2009},
 issn = {0730-0301},
 pages = {60:1--60:8},
 articleno = {60},
 numpages = {8},
}


@article{Startzell:2000:SNO,
 author = {Startzell, JK and Owens, DA and Mulfinger, LM and Cavanagh PR},
 title = {Stair negotiation in older people: a review},
 journal = {Journal of the American Geriatrics Society},
 volume = {48},
 number = {5},
 month = {jun},
 year = {2000},
}

@article{Donelan-and-Kuo-Science,
 author = {Donelan, JM and Li, QL and Naing, V and Hoffer, JA and Weber, DJ and Kuo, AD},
 title = {Biomechanical Energy Harvesting: Generating Electricity During Walking with Minimal User Effort},
 journal = {Science},
 volume = {319},
 year = {2008},
 number = {5864}
}

@article{Zhang:2014:LDC,
author = "Peizhao Zhang and Kristin Siu and Jianjie Zhang and C. Karen Liu and Jinxiang Chai",  
title = "Leveraging Depth Cameras and Wearable Pressure Sensors for Full-body Kinematics and Dynamics Capture",  
year = 2014,
journal = "ACM Transactions on Graphics",
volume = "33",
}

@article{Martin:1996:TWL,
author = "Martin, TA and Keating, JG and Goodkin, HP and Bastian, AJ and Thach, WT",
title = "Throwing while looking through prisms. II. Specificity and storage of multiple gaze-throw calibrations",
year = 1996,
journal  = "Brain",
volume = "119"
}
